@misc{curiosity_schmidhuber,
    title={Driven by Compression Progress: A Simple Principle Explains Essential Aspects of Subjective Beauty, Novelty, Surprise, Interestingness, Attention, Curiosity, Creativity, Art, Science, Music, Jokes},
    author={Juergen Schmidhuber},
    year={2008},
    eprint={0812.4360},
    archivePrefix={arXiv},
    primaryClass={cs.AI}
}

@article{reinforcement_learning_kaelbling,
  title={Reinforcement learning: A survey},
  author={Kaelbling, Leslie Pack and Littman, Michael L and Moore, Andrew W},
  journal={Journal of artificial intelligence research},
  volume={4},
  pages={237--285},
  year={1996}
}

@article{reachability_savinov,
  title={Episodic curiosity through reachability},
  author={Savinov, Nikolay and Raichuk, Anton and Marinier, Rapha{\"e}l and Vincent, Damien and Pollefeys, Marc and Lillicrap, Timothy and Gelly, Sylvain},
  journal={arXiv preprint arXiv:1810.02274},
  year={2018}
}

@article{diversity_eysenbach,
  title={Diversity is all you need: Learning skills without a reward function},
  author={Eysenbach, Benjamin and Gupta, Abhishek and Ibarz, Julian and Levine, Sergey},
  journal={arXiv preprint arXiv:1802.06070},
  year={2018}
}

@misc{diversity_web,
title={Diversity is all you need: Learning skills without a reward function},
author={Eysenbach, Benjamin and Gupta, Abhishek and Ibarz, Julian and Levine, Sergey},
note = {Eingesehen am 20.06.2020},
url = {https://sites.google.com/view/diayn/},
}

@book{elements_cover,
  title={Elements of information theory},
  author={Cover, Thomas M and Thomas, Joy A},
  year={2012},
  publisher={John Wiley \& Sons}
}

@book{information_werner,
  title={Information und Codierung: Grundlagen und Anwendungen},
  author={Werner, Martin},
  year={2009},
  publisher={Springer-Verlag}
}

@article{BerliacHierachialRL2019,
author = {Flet-Berliac, Yannis},
title = {The Promise of Hierarchical Reinforcement Learning},
journal = {The Gradient},
year = {2019},
howpublished = {\url{https://thegradient.pub/the-promise-of-hierarchical-reinforcement-learning/ } },
}

@misc{markov_decision_processes,
author = {Singh, Ayush},
title = {Reinforcement Learning : Markov-Decision Process (Part 1)},
editor = {towardsdatascience.com},
month = {Juli},
year = {2019},
url = {https://towardsdatascience.com/introduction-to-reinforcement-learning-markov-decision-process-44c533ebf8da},
note = {[Abgerufen am 22.06.2020]},
}

@misc{deeplizard_markov_decision_processes,
title = {Markov Decision Processes (MDPs) - Structuring A Reinforcement Learning Problem},
editor = {deeplizard.com},
month = {September},
year = {2018},
url = {https://deeplizard.com/learn/video/my207WNoeyA},
note = {[Abgerufen am 22.06.2020]},
}

@article{SOLOMONOFF19641,
title = "A formal theory of inductive inference. Part I",
journal = "Information and Control",
volume = "7",
number = "1",
pages = "1 - 22",
year = "1964",
issn = "0019-9958",
doi = "https://doi.org/10.1016/S0019-9958(64)90223-2",
url = "http://www.sciencedirect.com/science/article/pii/S0019995864902232",
author = "R.J. Solomonoff",
}

@inproceedings{gabor2018inheritance,
author = {Thomas Gabor and Lenz Belzner and Claudia Linnhoff-Popien},
title = {Inheritance-Based Diversity Measures for Explicit Convergence Control in Evolutionary Algorithms},
booktitle = {The Genetic and Evolutionary Computation Conference (GECCO)},
year = {2018},
url = {https://arxiv.org/pdf/1810.12470.pdf}
}

@INPROCEEDINGS{8683033,
  author={P. {Wesselmann} and Y. {Wu} and M. {Gašić}},
  booktitle={ICASSP 2019 - 2019 IEEE International Conference on Acoustics, Speech and Signal Processing (ICASSP)}, 
  title={Curiosity-driven Reinforcement Learning for Dialogue Management}, 
  year={2019},
  volume={},
  number={},
  pages={7210-7214},}


@misc{luo2019curiositydriven,
    title={Curiosity-driven Reinforcement Learning for Diverse Visual Paragraph Generation},
    author={Yadan Luo and Zi Huang and Zheng Zhang and Ziwei Wang and Jingjing Li and Yang Yang},
    year={2019},
    eprint={1908.00169},
    archivePrefix={arXiv},
    primaryClass={cs.CV}
}

@inproceedings{hong2018diversity,
  title={Diversity-driven exploration strategy for deep reinforcement learning},
  author={Hong, Zhang-Wei and Shann, Tzu-Yun and Su, Shih-Yang and Chang, Yi-Hsiang and Fu, Tsu-Jui and Lee, Chun-Yi},
  booktitle={Advances in Neural Information Processing Systems},
  pages={10489--10500},
  year={2018}
}

@article{hare2019dealing,
  title={Dealing with Sparse Rewards in Reinforcement Learning},
  author={Hare, Joshua},
  journal={arXiv preprint arXiv:1910.09281},
  year={2019}
}